@Book{citation,
author = "Jeremy Tempkin and Kyle Wenholz",
title = "Handbook of how to get a short list paper in MCM",
publisher = "Awesome People Inc.",
year = 2030, 
address = "New New York",
edition = "1st Edition" 
} 